@misc{ColorMamba,
      title={ColorMamba: Towards High-quality NIR-to-RGB Spectral Translation with Mamba},
      author={Huiyu Zhai and Guang Jin and Xingxing Yang and Guosheng Kang},
      year={2024},
      eprint={2408.08087},
      archivePrefix={arXiv},
      primaryClass={cs.CV},
      url={https://arxiv.org/abs/2408.08087},
}

@inproceedings{CoColor,
    series={MM ’23},
   title={Cooperative Colorization: Exploring Latent Cross-Domain Priors for NIR Image Spectrum Translation},
   url={https://arxiv.org/abs/2308.03348},
   DOI={10.1145/3581783.3612008},
   booktitle={Proceedings of the 31st ACM International Conference on Multimedia},
   publisher={ACM},
   author={Yang, Xingxing and Chen, Jie and Yang, Zaifeng},
   year={2023},
   month=oct, pages={2409–2417},
   collection={MM ’23}
}

@misc{InstaColor,
    title={Instance-aware Image Colorization},
    author={Jheng-Wei Su and Hung-Kuo Chu and Jia-Bin Huang},
    year={2020},
    eprint={2005.10825},
    archivePrefix={arXiv},
    primaryClass={cs.CV},
    url={https://arxiv.org/abs/2005.10825},
}

@misc{GuidedImageColorization,
      title={Real-Time User-Guided Image Colorization with Learned Deep Priors},
      author={Richard Zhang and Jun-Yan Zhu and Phillip Isola and Xinyang Geng and Angela S. Lin and Tianhe Yu and Alexei A. Efros},
      year={2017},
      eprint={1705.02999},
      archivePrefix={arXiv},
      primaryClass={cs.CV},
      url={https://arxiv.org/abs/1705.02999},
}

@misc{MaskCNN,
      title={Mask R-CNN},
      author={Kaiming He and Georgia Gkioxari and Piotr Dollár and Ross Girshick},
      year={2018},
      eprint={1703.06870},
      archivePrefix={arXiv},
      primaryClass={cs.CV},
      url={https://arxiv.org/abs/1703.06870},
}

@misc{VCIP_2020_NIR_dataset,
      title={VCIP 2020 Grand Challenge on NIR Image Colorization},
      author={Chen Jie},
      year={2020},
      url={https://jchenhkg.github.io/projects/NIR2RGB_VCIP_Challenge/},
}

@misc{PerceptualMetric,
      title={The Unreasonable Effectiveness of Deep Features as a Perceptual Metric},
      author={Richard Zhang and Phillip Isola and Alexei A. Efros and Eli Shechtman and Oliver Wang},
      year={2018},
      eprint={1801.03924},
      archivePrefix={arXiv},
      primaryClass={cs.CV},
      url={https://arxiv.org/abs/1801.03924},
}
